@article{epaxos-broken,
title = {On the correctness of Egalitarian Paxos},
journal = {Information Processing Letters},
volume = {156},
pages = {105901},
year = {2020},
issn = {0020-0190},
doi = {https://doi.org/10.1016/j.ipl.2019.105901},
url = {https://www.sciencedirect.com/science/article/pii/S002001901930184X},
author = {Pierre Sutra}
}

@article{paxos,
author = {Lamport, Leslie},
title = {The Part-Time Parliament},
year = {1998},
issue_date = {May 1998},
publisher = {Association for Computing Machinery},
address = {New York, NY, USA},
volume = {16},
number = {2},
issn = {0734-2071},
url = {https://doi.org/10.1145/279227.279229},
doi = {10.1145/279227.279229},
journal = {ACM Trans. Comput. Syst.},
month = may,
pages = {133–169},
numpages = {37}
}

@article{compartmentalized,
author = {Whittaker, Michael and Ailijiang, Ailidani and Charapko, Aleksey and Demirbas, Murat and Giridharan, Neil and Hellerstein, Joseph M. and Howard, Heidi and Stoica, Ion and Szekeres, Adriana},
title = {Scaling Replicated State Machines with Compartmentalization},
year = {2021},
issue_date = {July 2021},
publisher = {VLDB Endowment},
volume = {14},
number = {11},
issn = {2150-8097},
url = {https://doi.org/10.14778/3476249.3476273},
doi = {10.14778/3476249.3476273},
journal = {Proc. VLDB Endow.},
month = jul,
pages = {2203–2215},
numpages = {13}
}

@misc{compartmentalizedTechReport,
      title={Scaling Replicated State Machines with Compartmentalization [Technical Report]}, 
      author={Michael Whittaker and Ailidani Ailijiang and Aleksey Charapko and Murat Demirbas and Neil Giridharan and Joseph M. Hellerstein and Heidi Howard and Ion Stoica and Adriana Szekeres},
      year={2021},
      eprint={2012.15762},
      archivePrefix={arXiv},
      primaryClass={cs.DC}
}

@inproceedings {scalog,
author = {Cong Ding and David Chu and Evan Zhao and Xiang Li and Lorenzo Alvisi and Robbert Van Renesse},
title = {Scalog: Seamless Reconfiguration and Total Order in a Scalable Shared Log },
booktitle = {17th {USENIX} Symposium on Networked Systems Design and Implementation ({NSDI} 20)},
year = {2020},
isbn = {978-1-939133-13-7},
address = {Santa Clara, CA},
pages = {325--338},
url = {https://www.usenix.org/conference/nsdi20/presentation/ding},
publisher = {{USENIX} Association},
month = feb,
}

@inproceedings{epaxos,
  doi = {10.1145/2517349.2517350},
  url = {https://doi.org/10.1145/2517349.2517350},
  year = {2013},
  month = nov,
  publisher = {{ACM}},
  author = {Iulian Moraru and David G. Andersen and Michael Kaminsky},
  title = {There is more consensus in Egalitarian parliaments},
  booktitle = {Proceedings of the Twenty-Fourth {ACM} Symposium on Operating Systems Principles}
}

@inproceedings {mencius,
author = {Yanhua Mao and Flavio P. Junqueira and Keith Marzullo},
title = {Mencius: Building Efficient Replicated State Machines for WANs},
booktitle = {8th {USENIX} Symposium on Operating Systems Design and Implementation ({OSDI} 08)},
year = {2008},
address = {San Diego, CA},
url = {https://www.usenix.org/conference/osdi-08/mencius-building-efficient-replicated-state-machines-wans},
publisher = {{USENIX} Association},
month = dec,
}

@inproceedings{pigpaxos,
  doi = {10.1145/3448016.3452834},
  url = {https://doi.org/10.1145/3448016.3452834},
  year = {2021},
  month = jun,
  publisher = {{ACM}},
  author = {Aleksey Charapko and Ailidani Ailijiang and Murat Demirbas},
  title = {{PigPaxos}: Devouring the Communication Bottlenecks in Distributed Consensus},
  booktitle = {Proceedings of the 2021 International Conference on Management of Data}
}

@article{zyzzyvaBug,
  author    = {Ittai Abraham and
               Guy Gueta and
               Dahlia Malkhi and
               Lorenzo Alvisi and
               Ramakrishna Kotla and
               Jean{-}Philippe Martin},
  title     = {Revisiting Fast Practical Byzantine Fault Tolerance},
  journal   = {CoRR},
  volume    = {abs/1712.01367},
  year      = {2017},
  url       = {http://arxiv.org/abs/1712.01367},
  archivePrefix = {arXiv},
  eprint    = {1712.01367},
  timestamp = {Mon, 13 Aug 2018 16:46:19 +0200},
  biburl    = {https://dblp.org/rec/journals/corr/abs-1712-01367.bib},
  bibsource = {dblp computer science bibliography, https://dblp.org}
}

@phdthesis{raftDissertation,
    title={Consensus : bridging theory and practice},
    author={Diego Ongaro},
    school={Stanford University},
    year={2014}
}

@misc{craqBug,
    title={mwhittaker/craq\_bug}, 
    howpublished={\url{https://github.com/mwhittaker/craq_bug}}, 
    journal={GitHub}, author={Whittaker, Michael}, 
    year={2020}, month={Jun}
}

@misc{protocolBugsList,
    title={Errors found in distributed protocols}, 
    howpublished={\url{https://github.com/dranov/protocol-bugs-list}}, 
    journal={GitHub}, author={Pirlea, George}, 
    year={2023}, month={April}
}

@misc{raftBug,
    title={Raft does not Guarantee Liveness in the face of Network Faults}, 
    howpublished={\url{https://decentralizedthoughts.github.io/2020-12-12-raft-liveness-full-omission/}}, 
    journal={Decentralized Thoughts}, author={Heidi Howard and Ittai Abraham}, 
    year={2020}, month={Dec}
} 

@inproceedings{snailtrail,
author = {Hoffmann, Moritz and Lattuada, Andrea and Liagouris, John and Kalavri, Vasiliki and Dimitrova, Desislava and Wicki, Sebastian and Chothia, Zaheer and Roscoe, Timothy},
title = {Snailtrail: Generalizing Critical Paths for Online Analysis of Distributed Dataflows},
year = {2018},
isbn = {9781931971430},
publisher = {USENIX Association},
address = {USA},
booktitle = {Proceedings of the 15th USENIX Conference on Networked Systems Design and Implementation},
pages = {95–110},
numpages = {16},
location = {Renton, WA, USA},
series = {NSDI'18}
}

@inproceedings{ds2,
author = {Kalavri, Vasiliki and Liagouris, John and Hoffmann, Moritz and Dimitrova, Desislava and Forshaw, Matthew and Roscoe, Timothy},
title = {Three Steps is All You Need: Fast, Accurate, Automatic Scaling Decisions for Distributed Streaming Dataflows},
year = {2018},
isbn = {9781931971478},
publisher = {USENIX Association},
address = {USA},
booktitle = {Proceedings of the 13th USENIX Conference on Operating Systems Design and Implementation},
pages = {783–798},
numpages = {16},
location = {Carlsbad, CA, USA},
series = {OSDI'18}
}

@phdthesis{snailtrailThesis,
  doi = {10.3929/ETHZ-B-000378081},
  url = {http://hdl.handle.net/20.500.11850/378081},
  author = {Hoffmann,  Moritz},
  keywords = {info:eu-repo/classification/ddc/004,  Data processing,  computer science},
  language = {en},
  title = {Managing and understanding distributed stream processing},
  publisher = {ETH Zurich},
  year = {2019},
  copyright = {http://rightsstatements.org/page/InC-NC/1.0/}
}

@article{monotonicityPartitioned,
  doi = {10.1145/2809784},
  url = {https://doi.org/10.1145/2809784},
  year = {2016},
  month = feb,
  publisher = {Association for Computing Machinery ({ACM})},
  volume = {40},
  number = {4},
  pages = {1--45},
  author = {Tom J. Ameloot and Bas Ketsman and Frank Neven and Daniel Zinn},
  title = {Weaker Forms of Monotonicity for Declarative Networking},
  journal = {{ACM} Transactions on Database Systems}
}

@inproceedings{naiad,
author = {Murray, Derek G. and McSherry, Frank and Isaacs, Rebecca and Isard, Michael and Barham, Paul and Abadi, Mart\'{\i}n},
title = {Naiad: A Timely Dataflow System},
year = {2013},
isbn = {9781450323888},
publisher = {Association for Computing Machinery},
address = {New York, NY, USA},
url = {https://doi-org.libproxy.berkeley.edu/10.1145/2517349.2522738},
doi = {10.1145/2517349.2522738},
booktitle = {Proceedings of the Twenty-Fourth ACM Symposium on Operating Systems Principles},
pages = {439–455},
numpages = {17},
location = {Farminton, Pennsylvania},
series = {SOSP '13}
}

@inproceedings{mapReduce,
author = {Dean, Jeffrey and Ghemawat, Sanjay},
title = {MapReduce: Simplified Data Processing on Large Clusters},
year = {2004},
publisher = {USENIX Association},
address = {USA},
booktitle = {Proceedings of the 6th Conference on Symposium on Operating Systems Design I\& Implementation - Volume 6},
pages = {10},
numpages = {1},
location = {San Francisco, CA},
series = {OSDI'04}
}

@inproceedings {spark,
author = {Matei Zaharia and Mosharaf Chowdhury and Michael J. Franklin and Scott Shenker and Ion Stoica},
title = {Spark: Cluster Computing with Working Sets},
booktitle = {2nd {USENIX} Workshop on Hot Topics in Cloud Computing (HotCloud 10)},
year = {2010},
address = {Boston, MA},
url = {https://www.usenix.org/conference/hotcloud-10/spark-cluster-computing-working-sets},
publisher = {{USENIX} Association},
month = jun,
}

@misc{tensorflow,
title={ {TensorFlow}: Large-Scale Machine Learning on Heterogeneous Systems},
url={https://www.tensorflow.org/},
note={Software available from tensorflow.org},
author={
    Mart\'{\i}n~Abadi and
    Ashish~Agarwal and
    Paul~Barham and
    Eugene~Brevdo and
    Zhifeng~Chen and
    Craig~Citro and
    Greg~S.~Corrado and
    Andy~Davis and
    Jeffrey~Dean and
    Matthieu~Devin and
    Sanjay~Ghemawat and
    Ian~Goodfellow and
    Andrew~Harp and
    Geoffrey~Irving and
    Michael~Isard and
    Yangqing Jia and
    Rafal~Jozefowicz and
    Lukasz~Kaiser and
    Manjunath~Kudlur and
    Josh~Levenberg and
    Dandelion~Man\'{e} and
    Rajat~Monga and
    Sherry~Moore and
    Derek~Murray and
    Chris~Olah and
    Mike~Schuster and
    Jonathon~Shlens and
    Benoit~Steiner and
    Ilya~Sutskever and
    Kunal~Talwar and
    Paul~Tucker and
    Vincent~Vanhoucke and
    Vijay~Vasudevan and
    Fernanda~Vi\'{e}gas and
    Oriol~Vinyals and
    Pete~Warden and
    Martin~Wattenberg and
    Martin~Wicke and
    Yuan~Yu and
    Xiaoqiang~Zheng},
  year={2015},
}

@InProceedings{dedalus,
author="Alvaro, Peter
and Marczak, William R.
and Conway, Neil
and Hellerstein, Joseph M.
and Maier, David
and Sears, Russell",
editor="de Moor, Oege
and Gottlob, Georg
and Furche, Tim
and Sellers, Andrew",
title="Dedalus: Datalog in Time and Space",
booktitle="Datalog Reloaded",
year="2011",
publisher="Springer Berlin Heidelberg",
address="Berlin, Heidelberg",
pages="262--281",
isbn="978-3-642-24206-9"
}

@inproceedings{bloom,
  author    = {Peter Alvaro and
               Neil Conway and
               Joseph M. Hellerstein and
               William R. Marczak},
  title     = {Consistency Analysis in Bloom: a {CALM} and Collected Approach},
  booktitle = {Fifth Biennial Conference on Innovative Data Systems Research, {CIDR}
               2011, Asilomar, CA, USA, January 9-12, 2011, Online Proceedings},
  pages     = {249--260},
  year      = {2011},
  url       = {http://cidrdb.org/cidr2011/Papers/CIDR11\_Paper35.pdf},
  timestamp = {Thu, 12 Mar 2020 00:00:00 +0100},
  biburl    = {https://dblp.org/rec/conf/cidr/AlvaroCHM11.bib},
  bibsource = {dblp computer science bibliography, https://dblp.org}
}

@inproceedings{declarative,
title = "Practical advantages of declarative programming",
author = "JW Lloyd",
note = "Conference Proceedings/Title of Journal: Joint Conference on Declarative Programming",
year = "1994",
language = "English",
pages = "3 -- 17"
}

@inproceedings{chubby,
author = {Burrows, Mike},
title = {The Chubby Lock Service for Loosely-Coupled Distributed Systems},
year = {2006},
isbn = {1931971471},
publisher = {USENIX Association},
address = {USA},
booktitle = {Proceedings of the 7th Symposium on Operating Systems Design and Implementation},
pages = {335–350},
numpages = {16},
location = {Seattle, Washington},
series = {OSDI '06}
}

@inproceedings {zookeeper,
author = {Patrick Hunt and Mahadev Konar and Flavio P. Junqueira and Benjamin Reed},
title = {ZooKeeper: Wait-free Coordination for Internet-scale Systems},
booktitle = {2010 {USENIX} Annual Technical Conference ({USENIX} {ATC} 10)},
year = {2010},
url = {https://www.usenix.org/conference/usenix-atc-10/zookeeper-wait-free-coordination-internet-scale-systems},
publisher = {{USENIX} Association},
month = jun,
}

@article{k8s,
  doi = {10.1145/2898442.2898444},
  url = {https://doi.org/10.1145/2898442.2898444},
  year = {2016},
  month = jan,
  publisher = {Association for Computing Machinery ({ACM})},
  volume = {14},
  number = {1},
  pages = {70--93},
  author = {Brendan Burns and Brian Grant and David Oppenheimer and Eric Brewer and John Wilkes},
  title = {Borg,  Omega,  and Kubernetes},
  journal = {Queue}
}

@article{tapir,
  doi = {10.1145/3269981},
  url = {https://doi.org/10.1145/3269981},
  year = {2018},
  month = dec,
  publisher = {Association for Computing Machinery ({ACM})},
  volume = {35},
  number = {4},
  pages = {1--37},
  author = {Irene Zhang and Naveen Kr. Sharma and Adriana Szekeres and Arvind Krishnamurthy and Dan R. K. Ports},
  title = {Building Consistent Transactions with Inconsistent Replication},
  journal = {{ACM} Transactions on Computer Systems}
}

@inproceedings{caesar,
  doi = {10.1109/dsn.2017.35},
  url = {https://doi.org/10.1109/dsn.2017.35},
  year = {2017},
  month = jun,
  publisher = {{IEEE}},
  author = {Balaji Arun and Sebastiano Peluso and Roberto Palmieri and Giuliano Losa and Binoy Ravindran},
  title = {Speeding up Consensus by Chasing Fast Decisions},
  booktitle = {2017 47th Annual {IEEE}/{IFIP} International Conference on Dependable Systems and Networks ({DSN})}
}

@inproceedings{scalableAgreement,
author = {Kapritsos, Manos and Junqueira, Flavio P.},
title = {Scalable Agreement: Toward Ordering as a Service},
year = {2010},
publisher = {USENIX Association},
address = {USA},
booktitle = {Proceedings of the Sixth International Conference on Hot Topics in System Dependability},
pages = {1–8},
numpages = {8},
location = {Vancouver, BC, Canada},
series = {HotDep'10}
}

@article{calm,
  doi = {10.1145/3369736},
  url = {https://doi.org/10.1145/3369736},
  year = {2020},
  month = aug,
  publisher = {Association for Computing Machinery ({ACM})},
  volume = {63},
  number = {9},
  pages = {72--81},
  author = {Joseph M. Hellerstein and Peter Alvaro},
  title = {Keeping {CALM}: When Distributed Consistency is Easy},
  journal = {Communications of the {ACM}}
}

@article{blazes,
author = {Alvaro, Peter and Conway, Neil and Hellerstein, Joseph M. and Maier, David},
title = {Blazes: Coordination Analysis and Placement for Distributed Programs},
year = {2017},
issue_date = {November 2017},
publisher = {Association for Computing Machinery},
address = {New York, NY, USA},
volume = {42},
number = {4},
issn = {0362-5915},
url = {https://doi-org.libproxy.berkeley.edu/10.1145/3110214},
doi = {10.1145/3110214},
journal = {ACM Trans. Database Syst.},
month = oct,
articleno = {23},
numpages = {31},
keywords = {Consistency via Coordination}
}

@inproceedings {corfu,
author = {Mahesh Balakrishnan and Dahlia Malkhi and Vijayan Prabhakaran and Ted Wobbler and Michael Wei and John D. Davis},
title = { {CORFU}: A Shared Log Design for Flash Clusters},
booktitle = {9th {USENIX} Symposium on Networked Systems Design and Implementation ({NSDI} 12)},
year = {2012},
isbn = {978-931971-92-8},
address = {San Jose, CA},
pages = {1--14},
url = {https://www.usenix.org/conference/nsdi12/technical-sessions/presentation/balakrishnan},
publisher = {{USENIX} Association},
month = apr,
}

@inproceedings{pandas,
  title={Data structures for statistical computing in python},
  author={McKinney, Wes and others},
  booktitle={Proceedings of the 9th Python in Science Conference},
  volume={445},
  pages={51--56},
  year={2010},
  organization={Austin, TX}
}

@article{sql,
author = {Codd, E. F.},
title = {A Relational Model of Data for Large Shared Data Banks},
year = {1970},
issue_date = {June 1970},
publisher = {Association for Computing Machinery},
address = {New York, NY, USA},
volume = {13},
number = {6},
issn = {0001-0782},
url = {https://doi-org.libproxy.berkeley.edu/10.1145/362384.362685},
doi = {10.1145/362384.362685},
journal = {Commun. ACM},
month = jun,
pages = {377–387},
numpages = {11},
keywords = {data organization, join, redundancy, data structure, data base, derivability, consistency, security, data integrity, relations, data bank, networks of data, predicate calculus, composition, retrieval language, hierarchies of data}
}

@article{paxosComplex,
author = {Van Renesse, Robbert and Altinbuken, Deniz},
title = {Paxos Made Moderately Complex},
year = {2015},
issue_date = {April 2015},
publisher = {Association for Computing Machinery},
address = {New York, NY, USA},
volume = {47},
number = {3},
issn = {0360-0300},
url = {https://doi-org.libproxy.berkeley.edu/10.1145/2673577},
doi = {10.1145/2673577},
journal = {ACM Comput. Surv.},
month = feb,
articleno = {42},
numpages = {36},
keywords = {consensus, voting, Replicated state machines}
}

@article{anna,
  doi = {10.14778/3311880.3311881},
  url = {https://doi.org/10.14778/3311880.3311881},
  year = {2019},
  month = feb,
  publisher = {{VLDB} Endowment},
  volume = {12},
  number = {6},
  pages = {624--638},
  author = {Chenggang Wu and Vikram Sreekanti and Joseph M. Hellerstein},
  title = {Autoscaling tiered cloud storage in Anna},
  journal = {Proceedings of the {VLDB} Endowment}
}

@article{cloudburst,
  doi = {10.14778/3407790.3407836},
  url = {https://doi.org/10.14778/3407790.3407836},
  year = {2020},
  month = aug,
  publisher = {{VLDB} Endowment},
  volume = {13},
  number = {12},
  pages = {2438--2452},
  author = {Vikram Sreekanti and Chenggang Wu and Xiayue Charles Lin and Johann Schleier-Smith and Joseph E. Gonzalez and Joseph M. Hellerstein and Alexey Tumanov},
  title = {Cloudburst},
  journal = {Proceedings of the {VLDB} Endowment}
}

@book{alice,
  author    = {Serge Abiteboul and Richard Hull and Victor Vianu},
  title     = {Foundations of Databases},
  publisher = {Addison-Wesley},
  year      = {1995},
  url       = {http://webdam.inria.fr/Alice/pdfs/all.pdf},
  isbn      = {0-201-53771-0},
  biburl    = {https://dblp.org/rec/books/aw/AbiteboulHV95.bib}
}

@inproceedings{distSchemes,
  doi = {10.4230/LIPICS.ICDT.2021.22},
  url = {https://drops.dagstuhl.de/opus/volltexte/2021/13730/},
  author = {Sundarmurthy,  Bruhathi and Koutris,  Paraschos and Naughton,  Jeffrey},
  keywords = {partitioning,  parallel correctness,  join queries,  Theory of computation → Database query processing and optimization (theory)},
  language = {en},
  title = {Locality-Aware Distribution Schemes},
  publisher = {Schloss Dagstuhl - Leibniz-Zentrum f\"{u}r Informatik},
  year = {2021},
  copyright = {Creative Commons Attribution 4.0 International license}
}

@inproceedings{myria,
author = {Halperin, Daniel and Teixeira de Almeida, Victor and Choo, Lee Lee and Chu, Shumo and Koutris, Paraschos and Moritz, Dominik and Ortiz, Jennifer and Ruamviboonsuk, Vaspol and Wang, Jingjing and Whitaker, Andrew and Xu, Shengliang and Balazinska, Magdalena and Howe, Bill and Suciu, Dan},
title = {Demonstration of the Myria Big Data Management Service},
year = {2014},
isbn = {9781450323765},
publisher = {Association for Computing Machinery},
address = {New York, NY, USA},
url = {https://doi-org.libproxy.berkeley.edu/10.1145/2588555.2594530},
doi = {10.1145/2588555.2594530},
booktitle = {Proceedings of the 2014 ACM SIGMOD International Conference on Management of Data},
pages = {881–884},
numpages = {4},
keywords = {Myria, data management service, big data management},
location = {Snowbird, Utah, USA},
series = {SIGMOD '14}
}

@inproceedings{ironfleet,
  title={IronFleet: proving practical distributed systems correct},
  author={Hawblitzel, Chris and Howell, Jon and Kapritsos, Manos and Lorch, Jacob R and Parno, Bryan and Roberts, Michael L and Setty, Srinath and Zill, Brian},
  booktitle={Proceedings of the 25th Symposium on Operating Systems Principles},
  pages={1--17},
  year={2015}
}

@article{linearizability,
  title={Linearizability: A correctness condition for concurrent objects},
  author={Herlihy, Maurice P and Wing, Jeannette M},
  journal={ACM Transactions on Programming Languages and Systems (TOPLAS)},
  volume={12},
  number={3},
  pages={463--492},
  year={1990},
  publisher={ACM New York, NY, USA}
}

@article{refinementMappings,
  title={The existence of refinement mappings},
  author={Abadi, Martin and Lamport, Leslie},
  journal={Theoretical Computer Science},
  volume={82},
  number={2},
  pages={253--284},
  year={1991},
  publisher={Elsevier}
}

@inproceedings{basil,
  doi = {10.1145/3477132.3483552},
  url = {https://doi.org/10.1145/3477132.3483552},
  year = {2021},
  month = oct,
  publisher = {{ACM}},
  author = {Florian Suri-Payer and Matthew Burke and Zheng Wang and Yunhao Zhang and Lorenzo Alvisi and Natacha Crooks},
  title = {Basil},
  booktitle = {Proceedings of the {ACM} {SIGOPS} 28th Symposium on Operating Systems Principles {CD}-{ROM}}
}

@inproceedings{choose,
  doi = {10.1145/298514.298572},
  url = {https://doi.org/10.1145/298514.298572},
  year = {1990},
  publisher = {{ACM} Press},
  author = {Domenico Sacca and Carlo Zaniolo},
  title = {Stable models and non-determinism in logic programs with negation},
  booktitle = {Proceedings of the ninth {ACM} {SIGACT}-{SIGMOD}-{SIGART} symposium on Principles of database systems  - {PODS} {\textquotesingle}90}
}

@inproceedings{distConstraints,
  doi = {10.4230/LIPICS.ICDT.2020.13},
  url = {https://drops.dagstuhl.de/opus/volltexte/2020/11937/},
  author = {Geck,  Gaetano and Neven,  Frank and Schwentick,  Thomas},
  keywords = {tuple-generating dependencies,  chase,  conjunctive queries,  distributed evaluation},
  language = {en},
  title = {Distribution Constraints: The Chase for Distributed Data},
  publisher = {Schloss Dagstuhl - Leibniz-Zentrum f\"{u}r Informatik},
  year = {2020},
  copyright = {Creative Commons Attribution 3.0 Unported license}
}

@article{parallelCorrectness,
  doi = {10.1145/3329120},
  url = {https://doi.org/10.1145/3329120},
  year = {2019},
  month = jul,
  publisher = {Association for Computing Machinery ({ACM})},
  volume = {20},
  number = {3},
  pages = {1--24},
  author = {Gaetano Geck and Bas Ketsman and Frank Neven and Thomas Schwentick},
  title = {Parallel-Correctness and Containment for Conjunctive Queries with Union and Negation},
  journal = {{ACM} Transactions on Computational Logic}
}

@article{parallelTransfer,
  doi = {10.1145/3106412},
  url = {https://doi.org/10.1145/3106412},
  year = {2017},
  month = oct,
  publisher = {Association for Computing Machinery ({ACM})},
  volume = {64},
  number = {5},
  pages = {1--38},
  author = {Tom J. Ameloot and Gaetano Geck and Bas Ketsman and Frank Neven and Thomas Schwentick},
  title = {Parallel-Correctness and Transferability for Conjunctive Queries},
  journal = {Journal of the {ACM}}
}

@article{aggAndNeg,
  title={How expressive is stratified aggregation?},
  author={Mumick, Inderpal Singh and Shmueli, Oded},
  journal={Annals of Mathematics and Artificial Intelligence},
  volume={15},
  pages={407--435},
  year={1995},
  publisher={Springer}
}

@inproceedings{ross1992monotonic,
  title={Monotonic aggregation in deductive databases},
  author={Ross, Kenneth A and Sagiv, Yehoshua},
  booktitle={Proceedings of the eleventh ACM SIGACT-SIGMOD-SIGART symposium on Principles of database systems},
  pages={114--126},
  year={1992}
}

@inproceedings{blooml,
  title={Logic and lattices for distributed programming},
  author={Conway, Neil and Marczak, William R and Alvaro, Peter and Hellerstein, Joseph M and Maier, David},
  booktitle={Proceedings of the Third ACM Symposium on Cloud Computing},
  pages={1--14},
  year={2012}
}

 @misc{oraclePartitioning, title={VLDB and Partitioning Guide}, url={https://docs.oracle.com/en/database/oracle/oracle-database/21/vldbg/index.html}, journal={Oracle Help Center}, author={Belden, Eric}, year={2022}, month={Dec}} 
 
 @inproceedings{verdi,
  title={Verdi: a framework for implementing and formally verifying distributed systems},
  author={Wilcox, James R and Woos, Doug and Panchekha, Pavel and Tatlock, Zachary and Wang, Xi and Ernst, Michael D and Anderson, Thomas},
  booktitle={Proceedings of the 36th ACM SIGPLAN Conference on Programming Language Design and Implementation},
  pages={357--368},
  year={2015}
}

@inproceedings{distai,
  title={DistAI: Data-Driven Automated Invariant Learning for Distributed Protocols.},
  author={Yao, Jianan and Tao, Runzhou and Gu, Ronghui and Nieh, Jason and Jana, Suman and Ryan, Gabriel},
  booktitle={OSDI},
  pages={405--421},
  year={2021}
}

@article{dedalusSemantics,
  title={A declarative semantics for Dedalus},
  author={Alvaro, Peter and Ameloot, Tom J and Hellerstein, Joseph M and Marczak, William and Van den Bussche, Jan},
  journal={UC Berkeley EECS Technical Report},
  volume={120},
  pages={2011},
  year={2011},
  publisher={Citeseer}
}

@article{hydroflow,
  title={Hydroflow: A Model and Runtime for Distributed Systems Programming},
  author={Samuel, Mingwei and Hellerstein, Joseph M and Cheung, Alvin},
  year={2021}
}

@inproceedings{abo2022convergence,
  title={Convergence of datalog over (pre-) semirings},
  author={Abo Khamis, Mahmoud and Ngo, Hung Q and Pichler, Reinhard and Suciu, Dan and Wang, Yisu Remy},
  booktitle={Proceedings of the 41st ACM SIGMOD-SIGACT-SIGAI Symposium on Principles of Database Systems},
  pages={105--117},
  year={2022}
}

@inproceedings{noPaxos,
  title={Just Say NO to Paxos Overhead: Replacing Consensus with Network Ordering.},
  author={Li, Jialin and Michael, Ellis and Sharma, Naveen Kr and Szekeres, Adriana and Ports, Dan RK},
  booktitle={OSDI},
  pages={467--483},
  year={2016}
}

@inproceedings{mu,
  title={Microsecond consensus for microsecond applications},
  author={Aguilera, Marcos K and Ben-David, Naama and Guerraoui, Rachid and Marathe, Virendra J and Xygkis, Athanasios and Zablotchi, Igor},
  booktitle={Proceedings of the 14th USENIX Conference on Operating Systems Design and Implementation},
  pages={599--616},
  year={2020}
}

@InProceedings{monotonicityUndecidable,
  author =	{Bas Ketsman and Christoph Koch},
  title =	{{Datalog with Negation and Monotonicity}},
  booktitle =	{23rd International Conference on Database Theory (ICDT 2020)},
  pages =	{19:1--19:18},
  series =	{Leibniz International Proceedings in Informatics (LIPIcs)},
  ISBN =	{978-3-95977-139-9},
  ISSN =	{1868-8969},
  year =	{2020},
  volume =	{155},
  editor =	{Carsten Lutz and Jean Christoph Jung},
  publisher =	{Schloss Dagstuhl--Leibniz-Zentrum f{\"u}r Informatik},
  address =	{Dagstuhl, Germany},
  URL =		{https://drops.dagstuhl.de/opus/volltexte/2020/11943},
  URN =		{urn:nbn:de:0030-drops-119432},
  doi =		{10.4230/LIPIcs.ICDT.2020.19},
  annote =	{Keywords: Datalog, Monotonicity}
}

@article{derecho,
  title={Derecho: Fast state machine replication for cloud services},
  author={Jha, Sagar and Behrens, Jonathan and Gkountouvas, Theo and Milano, Mae and Song, Weijia and Tremel, Edward and Renesse, Robbert Van and Zink, Sydney and Birman, Kenneth P},
  journal={ACM Transactions on Computer Systems (TOCS)},
  volume={36},
  number={2},
  pages={1--49},
  year={2019},
  publisher={ACM New York, NY, USA}
}

@ARTICLE{WPaxos,
  author={Ailijiang, Ailidani and Charapko, Aleksey and Demirbas, Murat and Kosar, Tevfik},
  journal={IEEE Transactions on Parallel and Distributed Systems}, 
  title={WPaxos: Wide Area Network Flexible Consensus}, 
  year={2020},
  volume={31},
  number={1},
  pages={211-223},
  doi={10.1109/TPDS.2019.2929793}}

@article{datalogMC,
  title={Scaling up the performance of more powerful datalog systems on multicore machines},
  author={Yang, Mohan and Shkapsky, Alexander and Zaniolo, Carlo},
  journal={The VLDB Journal},
  volume={26},
  pages={229--248},
  year={2017},
  publisher={Springer}
}

@article{socialite,
  title={Distributed socialite: A datalog-based language for large-scale graph analysis},
  author={Seo, Jiwon and Park, Jongsoo and Shin, Jaeho and Lam, Monica S},
  journal={Proceedings of the VLDB Endowment},
  volume={6},
  number={14},
  pages={1906--1917},
  year={2013},
  publisher={VLDB Endowment}
}

@inproceedings{pigLatin,
  title={Automatic Optimization of Parallel Dataflow Programs.},
  author={Olston, Christopher and Reed, Benjamin and Silberstein, Adam and Srivastava, Utkarsh},
  booktitle={USENIX Annual Technical Conference},
  volume={21},
  year={2008}
}

@inproceedings{rateBasedOptimization,
  title={Rate-based query optimization for streaming information sources},
  author={Viglas, Stratis D and Naughton, Jeffrey F},
  booktitle={Proceedings of the 2002 ACM SIGMOD international conference on Management of data},
  pages={37--48},
  year={2002}
}

@article{continuousCloud,
  title={Continuous cloud-scale query optimization and processing},
  author={Bruno, Nicolas and Jain, Sapna and Zhou, Jingren},
  journal={Proceedings of the VLDB Endowment},
  volume={6},
  number={11},
  pages={961--972},
  year={2013},
  publisher={VLDB Endowment}
}

@inproceedings{autoPartitioning,
  title={Automated partitioning design in parallel database systems},
  author={Nehme, Rimma and Bruno, Nicolas},
  booktitle={Proceedings of the 2011 ACM SIGMOD International Conference on Management of data},
  pages={1137--1148},
  year={2011}
}

@article{cascades,
  title={The cascades framework for query optimization},
  author={Graefe, Goetz},
  journal={IEEE Data Eng. Bull.},
  volume={18},
  number={3},
  pages={19--29},
  year={1995}
}

@inproceedings{apacheNemo,
  title={Apache Nemo: A Framework for Building Distributed Dataflow Optimization Policies.},
  author={Yang, Youngseok and Eo, Jeongyoon and Kim, Geon-Woo and Kim, Jooyeon and Lee, Sanha and Seo, Jangho and Song, Won Wook and Chun, Byung-Gon},
  booktitle={USENIX Annual Technical Conference},
  pages={177--190},
  year={2019}
}

@inproceedings{bft700,
  title={The next 700 BFT protocols},
  author={Guerraoui, Rachid and Kne{\v{z}}evi{\'c}, Nikola and Qu{\'e}ma, Vivien and Vukoli{\'c}, Marko},
  booktitle={Proceedings of the 5th European conference on Computer systems},
  pages={363--376},
  year={2010}
}

@article{sok,
  title={SoK: A Generalized Multi-Leader State Machine Replication Tutorial},
  author={Whittaker, Michael and Giridharan, Neil and Szekeres, Adriana and Hellerstein, Joseph and Stoica, Ion},
  journal={Journal of Systems Research},
  volume={1},
  number={1},
  year={2021}
}

@article{viveLaDiff,
  doi = {10.1109/tdsc.2014.2355848},
  url = {https://doi.org/10.1109/tdsc.2014.2355848},
  year = {2015},
  month = jul,
  publisher = {Institute of Electrical and Electronics Engineers ({IEEE})},
  volume = {12},
  number = {4},
  pages = {472--484},
  author = {Robbert van Renesse and Nicolas Schiper and Fred B. Schneider},
  title = {Vive La Diff{\'{e}}rence: Paxos vs. Viewstamped Replication vs. Zab},
  journal = {{IEEE} Transactions on Dependable and Secure Computing}
}

@inproceedings{paxosVsRaft,
  doi = {10.1145/3380787.3393681},
  url = {https://doi.org/10.1145/3380787.3393681},
  year = {2020},
  month = apr,
  publisher = {{ACM}},
  author = {Heidi Howard and Richard Mortier},
  title = {Paxos vs Raft},
  booktitle = {Proceedings of the 7th Workshop on Principles and Practice of Consistency for Distributed Data}
}

@inproceedings{portingPaxosOpts,
  doi = {10.1145/3293611.3331595},
  url = {https://doi.org/10.1145/3293611.3331595},
  year = {2019},
  month = jul,
  publisher = {{ACM}},
  author = {Zhaoguo Wang and Changgeng Zhao and Shuai Mu and Haibo Chen and Jinyang Li},
  title = {On the Parallels between Paxos and Raft,  and how to Port Optimizations},
  booktitle = {Proceedings of the 2019 {ACM} Symposium on Principles of Distributed Computing}
}

@inproceedings{bftChemistry,
  title={Chemistry behind Agreement},
  author={Gupta, Suyash and Amiri, Mohammad Javad and Sadoghi, Mohammad},
  booktitle={Conference on Innovative Data Systems Research (CIDR).(2023)},
  year={2023}
}

@article{bftBedrock,
  title={The bedrock of bft: A unified platform for bft protocol design and implementation},
  author={Amiri, Mohammad Javad and Wu, Chenyuan and Agrawal, Divyakant and Abbadi, Amr El and Loo, Boon Thau and Sadoghi, Mohammad},
  journal={arXiv preprint arXiv:2205.04534},
  year={2022}
}

@inproceedings{proteus,
  title={Proteus: A scalable BFT consensus protocol for blockchains},
  author={Jalalzai, Mohammad M and Busch, Costas and Richard, Golden G},
  booktitle={2019 IEEE international conference on Blockchain (Blockchain)},
  pages={308--313},
  year={2019},
  organization={IEEE}
}

@inproceedings{kauri,
  title={Kauri: Scalable bft consensus with pipelined tree-based dissemination and aggregation},
  author={Neiheiser, Ray and Matos, Miguel and Rodrigues, Lu{\'\i}s},
  booktitle={Proceedings of the ACM SIGOPS 28th Symposium on Operating Systems Principles},
  pages={35--48},
  year={2021}
}

@inproceedings{scalingBFT,
  title={Scaling byzantine consensus: A broad analysis},
  author={Berger, Christian and Reiser, Hans P},
  booktitle={Proceedings of the 2nd workshop on scalable and resilient infrastructures for distributed ledgers},
  pages={13--18},
  year={2018}
}

@inproceedings{delos,
author = {Balakrishnan, Mahesh and Shen, Chen and Jafri, Ahmed and Mapara, Suyog and Geraghty, David and Flinn, Jason and Venkat, Vidhya and Nedelchev, Ivailo and Ghosh, Santosh and Dharamshi, Mihir and Liu, Jingming and Gruszczynski, Filip and Li, Jun and Tibrewal, Rounak and Zaveri, Ali and Nagar, Rajeev and Yossef, Ahmed and Richard, Francois and Song, Yee Jiun},
title = {Log-Structured Protocols in Delos},
year = {2021},
isbn = {9781450387095},
publisher = {Association for Computing Machinery},
address = {New York, NY, USA},
url = {https://doi.org/10.1145/3477132.3483544},
doi = {10.1145/3477132.3483544},
booktitle = {Proceedings of the ACM SIGOPS 28th Symposium on Operating Systems Principles},
pages = {538–552},
numpages = {15},
keywords = {Consensus, State Machine Replication},
location = {Virtual Event, Germany},
series = {SOSP '21}
}

@article{parallelDB,
  doi = {10.1145/129888.129894},
  url = {https://doi.org/10.1145/129888.129894},
  year = {1992},
  month = jun,
  publisher = {Association for Computing Machinery ({ACM})},
  volume = {35},
  number = {6},
  pages = {85--98},
  author = {David DeWitt and Jim Gray},
  title = {Parallel database systems},
  journal = {Communications of the {ACM}}
}

@inproceedings{ganguly1992query,
  title={Query optimization for parallel execution},
  author={Ganguly, Sumit and Hasan, Waqar and Krishnamurthy, Ravi},
  booktitle={Proceedings of the 1992 ACM SIGMOD international conference on management of data},
  pages={9--18},
  year={1992}
}

@inproceedings{zhou2010incorporating,
  title={Incorporating partitioning and parallel plans into the SCOPE optimizer},
  author={Zhou, Jingren and Larson, Per-Ake and Chaiken, Ronnie},
  booktitle={2010 IEEE 26th International Conference on Data Engineering (ICDE 2010)},
  pages={1060--1071},
  year={2010},
  organization={IEEE}
}

@inproceedings{isard2007dryad,
  title={Dryad: distributed data-parallel programs from sequential building blocks},
  author={Isard, Michael and Budiu, Mihai and Yu, Yuan and Birrell, Andrew and Fetterly, Dennis},
  booktitle={Proceedings of the 2nd ACM SIGOPS/EuroSys European Conference on Computer Systems 2007},
  pages={59--72},
  year={2007}
}

@article{ketsman2022modern,
  title={Modern Datalog Engines},
  author={Ketsman, Bas and Koutris, Paraschos and others},
  journal={Foundations and Trends{\textregistered} in Databases},
  volume={12},
  number={1},
  pages={1--68},
  year={2022},
  publisher={Now Publishers, Inc.}
}

@article{ganguly1990framework,
  title={A framework for the parallel processing of datalog queries},
  author={Ganguly, Sumit and Silberschatz, Avi and Tsur, Shalom},
  journal={ACM SIGMOD Record},
  volume={19},
  number={2},
  pages={143--152},
  year={1990},
  publisher={ACM New York, NY, USA}
}

@article{lamport2002specifying,
  title={Specifying systems: the TLA+ language and tools for hardware and software engineers},
  author={Lamport, Leslie},
  year={2002}
}

@article{newcombe2015amazon,
  title={How Amazon web services uses formal methods},
  author={Newcombe, Chris and Rath, Tim and Zhang, Fan and Munteanu, Bogdan and Brooker, Marc and Deardeuff, Michael},
  journal={Communications of the ACM},
  volume={58},
  number={4},
  pages={66--73},
  year={2015},
  publisher={ACM New York, NY, USA}
}

@article{loo2009declarative,
  title={Declarative networking},
  author={Loo, Boon Thau and Condie, Tyson and Garofalakis, Minos and Gay, David E and Hellerstein, Joseph M and Maniatis, Petros and Ramakrishnan, Raghu and Roscoe, Timothy and Stoica, Ion},
  journal={Communications of the ACM},
  volume={52},
  number={11},
  pages={87--95},
  year={2009},
  publisher={ACM New York, NY, USA}
}

@article{konnov2019tla+,
  title={TLA+ model checking made symbolic},
  author={Konnov, Igor and Kukovec, Jure and Tran, Thanh-Hai},
  journal={Proceedings of the ACM on Programming Languages},
  volume={3},
  number={OOPSLA},
  pages={1--30},
  year={2019},
  publisher={ACM New York, NY, USA}
}

@article{bosshart2014p4,
  title={P4: Programming protocol-independent packet processors},
  author={Bosshart, Pat and Daly, Dan and Gibb, Glen and Izzard, Martin and McKeown, Nick and Rexford, Jennifer and Schlesinger, Cole and Talayco, Dan and Vahdat, Amin and Varghese, George and others},
  journal={ACM SIGCOMM Computer Communication Review},
  volume={44},
  number={3},
  pages={87--95},
  year={2014},
  publisher={ACM New York, NY, USA}
}

@article{foster2011frenetic,
  title={Frenetic: A network programming language},
  author={Foster, Nate and Harrison, Rob and Freedman, Michael J and Monsanto, Christopher and Rexford, Jennifer and Story, Alec and Walker, David},
  journal={ACM Sigplan Notices},
  volume={46},
  number={9},
  pages={279--291},
  year={2011},
  publisher={ACM New York, NY, USA}
}

@article{dwork1988consensus,
  title={Consensus in the presence of partial synchrony},
  author={Dwork, Cynthia and Lynch, Nancy and Stockmeyer, Larry},
  journal={Journal of the ACM (JACM)},
  volume={35},
  number={2},
  pages={288--323},
  year={1988},
  publisher={ACM New York, NY, USA}
}

@article{edelweiss,
  title={Edelweiss: Automatic storage reclamation for distributed programming},
  author={Conway, Neil and Alvaro, Peter and Andrews, Emily and Hellerstein, Joseph M},
  journal={Proceedings of the VLDB Endowment},
  volume={7},
  number={6},
  pages={481--492},
  year={2014},
  publisher={VLDB Endowment}
}

@inproceedings{gamma,
  author       = {David J. DeWitt and
                  Robert H. Gerber and
                  Goetz Graefe and
                  Michael L. Heytens and
                  Krishna B. Kumar and
                  M. Muralikrishna},
  title        = {{GAMMA} - {A} High Performance Dataflow Database Machine},
  booktitle    = {VLDB},
  pages        = {228--237},
  year         = {1986},
}

@inproceedings{grace,
  title={An Overview of The System Software of A Parallel Relational Database Machine GRACE.},
  author={Fushimi, Shinya and Kitsuregawa, Masaru and Tanaka, Hidehiko},
  booktitle={VLDB},
  volume={86},
  pages={209--219},
  year={1986}
}

@article{mohan1986transaction,
  title={Transaction management in the R* distributed database management system},
  author={Mohan, C and Lindsay, Bruce and Obermarck, Ron},
  journal={ACM Transactions on Database Systems (TODS)},
  volume={11},
  number={4},
  pages={378--396},
  year={1986},
  publisher={ACM New York, NY, USA}
}

@article{deshpande2007adaptive,
  title={Adaptive query processing},
  author={Deshpande, Amol and Ives, Zachary and Raman, Vijayshankar and others},
  journal={Foundations and Trends{\textregistered} in Databases},
  volume={1},
  number={1},
  pages={1--140},
  year={2007},
  publisher={Now Publishers, Inc.}
}

@article{trummer2018skinnerdb,
  title={Skinnerdb: regret-bounded query evaluation via reinforcement learning},
  author={Trummer, Immanuel and Moseley, Samuel and Maram, Deepak and Jo, Saehan and Antonakakis, Joseph},
  journal={Proceedings of the VLDB Endowment},
  volume={11},
  number={12},
  pages={2074--2077},
  year={2018},
  publisher={VLDB Endowment}
}

@article{anderson2014netkat,
  title={NetKAT: Semantic foundations for networks},
  author={Anderson, Carolyn Jane and Foster, Nate and Guha, Arjun and Jeannin, Jean-Baptiste and Kozen, Dexter and Schlesinger, Cole and Walker, David},
  journal={Acm sigplan notices},
  volume={49},
  number={1},
  pages={113--126},
  year={2014},
  publisher={ACM New York, NY, USA}
}

@article{bosilca2012dague,
  title={DAGuE: A generic distributed DAG engine for high performance computing},
  author={Bosilca, George and Bouteiller, Aurelien and Danalis, Anthony and Herault, Thomas and Lemarinier, Pierre and Dongarra, Jack},
  journal={Parallel Computing},
  volume={38},
  number={1-2},
  pages={37--51},
  year={2012},
  publisher={Elsevier}
}

@article{blumofe1995cilk,
  title={Cilk: An efficient multithreaded runtime system},
  author={Blumofe, Robert D and Joerg, Christopher F and Kuszmaul, Bradley C and Leiserson, Charles E and Randall, Keith H and Zhou, Yuli},
  journal={ACM SigPlan Notices},
  volume={30},
  number={8},
  pages={207--216},
  year={1995},
  publisher={ACM New York, NY, USA}
}

@inproceedings{jonathan2018multi,
  title={Multi-query optimization in wide-area streaming analytics},
  author={Jonathan, Albert and Chandra, Abhishek and Weissman, Jon},
  booktitle={Proceedings of the ACM symposium on cloud computing},
  pages={412--425},
  year={2018}
}

@Inbook{Hirzel2018,
author="Hirzel, Martin
and Soul{\'e}, Robert
and Gedik, Bu{\u{g}}ra
and Schneider, Scott",
editor="Sakr, Sherif
and Zomaya, Albert",
title="Stream Query Optimization",
bookTitle="Encyclopedia of Big Data Technologies",
year="2018",
publisher="Springer International Publishing",
pages="1--9",
}

@article{carbone2015apache,
  title={Apache flink: Stream and batch processing in a single engine},
  author={Carbone, Paris and Katsifodimos, Asterios and Ewen, Stephan and Markl, Volker and Haridi, Seif and Tzoumas, Kostas},
  journal={The Bulletin of the Technical Committee on Data Engineering},
  volume={38},
  number={4},
  year={2015},
  publisher={Institute of Electrical and Electronics Engineers (IEEE)}
}

@inproceedings{zaharia2013discretized,
  title={Discretized streams: Fault-tolerant streaming computation at scale},
  author={Zaharia, Matei and Das, Tathagata and Li, Haoyuan and Hunter, Timothy and Shenker, Scott and Stoica, Ion},
  booktitle={Proceedings of the twenty-fourth ACM symposium on operating systems principles},
  pages={423--438},
  year={2013}
}

@ARTICLE{generalOmission,
  author={Perry, Kenneth J. and Toueg, Sam},
  journal={IEEE Transactions on Software Engineering}, 
  title={Distributed agreement in the presence of processor and communication faults}, 
  year={1986},
  volume={SE-12},
  number={3},
  pages={477-482},
  doi={10.1109/TSE.1986.6312888}}

@article{flexiblePaxos,
  title={Flexible paxos: Quorum intersection revisited},
  author={Howard, Heidi and Malkhi, Dahlia and Spiegelman, Alexander},
  journal={arXiv preprint arXiv:1608.06696},
  year={2016}
}

@misc{autocompTechReport,
title={Optimizing Distributed Protocols with Query Rewrites [Technical Report]}, 
    howpublished={\url{https://github.com/rithvikp/autocomp}}, 
    journal={GitHub}, author={Chu, David C. Y. and Panchapakesan, Rithvik and Laddad, Shadaj and Katahanas, Lucky E. and Liu, Chris and Shivakumar, Kaushik and Crooks, Natacha and Hellerstein, Joseph M. and Howard, Heidi}, 
    year={2024}
}

@article{autocomp,
  title={Optimizing Distributed Protocols with Query Rewrites},
  author={Chu, David C. Y. and Panchapakesan, Rithvik and Laddad, Shadaj and Katahanas, Lucky E. and Liu, Chris and Shivakumar, Kaushik and Crooks, Natacha and Hellerstein, Joseph M. and Howard, Heidi},
  journal={Proc. ACM Manag. Data 2, N1 (SIGMOD)},
articleno={2},
month = feb,
numpages = {25},
  year={2024},
    doi={10.1145/3639257}
}

@phdthesis{crdt,
  title={A comprehensive study of convergent and commutative replicated data types},
  author={Shapiro, Marc and Pregui{\c{c}}a, Nuno and Baquero, Carlos and Zawirski, Marek},
  year={2011},
  school={Inria--Centre Paris-Rocquencourt; INRIA}
}

@inproceedings{pbft,
  title={Practical byzantine fault tolerance},
  author={Castro, Miguel and Liskov, Barbara and others},
  booktitle={OSDI},
  volume={99},
  number={1999},
  pages={173--186},
  year={1999}
}

@article{MAC,
  title={A method for obtaining digital signatures and public-key cryptosystems},
  author={Rivest, Ronald L and Shamir, Adi and Adleman, Leonard},
  journal={Communications of the ACM},
  volume={21},
  number={2},
  pages={120--126},
  year={1978},
  publisher={ACM New York, NY, USA}
}

@article{signature,
  title={Message authentication with one-way hash functions},
  author={Tsudik, Gene},
  journal={ACM SIGCOMM Computer Communication Review},
  volume={22},
  number={5},
  pages={29--38},
  year={1992},
  publisher={ACM New York, NY, USA}
}

@article{byzantineGenerals,
author = {Lamport, Leslie and Shostak, Robert and Pease, Marshall},
title = {The Byzantine Generals Problem},
year = {1982},
issue_date = {July 1982},
publisher = {Association for Computing Machinery},
address = {New York, NY, USA},
volume = {4},
number = {3},
issn = {0164-0925},
url = {https://doi.org/10.1145/357172.357176},
doi = {10.1145/357172.357176},
journal = {ACM Trans. Program. Lang. Syst.},
month = {jul},
pages = {382–401},
numpages = {20}
}

@techreport{digest,
  title={The MD5 message-digest algorithm},
  author={Rivest, Ronald},
  year={1992}
}

@inproceedings{chemistryBehindAgreement,
  title={Chemistry behind Agreement},
  author={Gupta, Suyash and Amiri, Mohammad Javad and Sadoghi, Mohammad},
  booktitle={Conference on Innovative Data Systems Research (CIDR).(2023)},
  year={2023}
}

@article{resilientdb,
  title={Resilientdb: Global scale resilient blockchain fabric},
  author={Gupta, Suyash and Rahnama, Sajjad and Hellings, Jelle and Sadoghi, Mohammad},
  journal={arXiv preprint arXiv:2002.00160},
  year={2020}
}

@misc{twins,
      title={Twins: BFT Systems Made Robust}, 
      author={Shehar Bano and Alberto Sonnino and Andrey Chursin and Dmitri Perelman and Zekun Li and Avery Ching and Dahlia Malkhi},
      year={2022},
      eprint={2004.10617},
      archivePrefix={arXiv},
      primaryClass={cs.CR}
}

@inproceedings{breakMD5,
  title={How to break MD5 and other hash functions},
  author={Wang, Xiaoyun and Yu, Hongbo},
  booktitle={Annual international conference on the theory and applications of cryptographic techniques},
  pages={19--35},
  year={2005},
  organization={Springer}
}